@article{rebelo2019,
  title={A hedonic price analysis for the Portuguese wine market: Does the distribution channel matter?},
  author={Rebelo, Joao and Lourenço-Gomes, Lina and Gonçalves, Tania and Caldas, José},
  journal={Journal of Applied Economics},
  volume={22},
  number={1},
  pages={40--59},
  year={2019},
  publisher={Taylor and Francis}
}

@article{labys1976,
  title={An international comparison of price and income elasticities for wine consumption},
  author={Labys, Walter C},
  journal={Australian Journal of Agricultural Economics},
  volume={20},
  number={429-2016-28753},
  pages={33--36},
  year={1976}
}

@article{davis2008,
  title={Demand under product differentiation: an empirical analysis of the US wine market},
  author={Davis, Timothy R and Ahmadi-Esfahani, Fredoun Z and Iranzo, Susana},
  journal={Australian Journal of Agricultural and Resource Economics},
  volume={52},
  number={4},
  pages={401--417},
  year={2008},
  publisher={Wiley Online Library}
}

@Book{wooldridgepanel,
  author={Jeffrey M. Wooldridge},
  title={{Econometric Analysis of Cross Section and Panel Data}},
  publisher={The MIT Press},
  year=2001,
  month={},
  volume={1},
  number={0262232197},
  series={MIT Press Books},
  edition={},
  keywords={},
  doi={},
  isbn={ARRAY(0x1af25ba0)},
  abstract={This graduate text provides an intuitive but rigorous treatment of contemporary methods used in microeconometric research. The book makes clear that applied microeconometrics is about the estimation of marginal and treatment effects, and that parametric estimation is simply a means to this end. It also clarifies the distinction between causality and statistical association. The book focuses specifically on cross section and panel data methods. Population assumptions are stated separately from sampling assumptions, leading to simple statements as well as to important insights. The unified approach to linear and nonlinear models and to cross section and panel data enables straightforward coverage of more advanced methods. The numerous end-of-chapter problems are an important component of the book. Some problems contain important points not fully described in the text, and others cover new ideas that can be analyzed using tools presented in the current and previous chapters. Several problems require the use of the data sets located at the author's website.},
  url={https://ideas.repec.org/b/mtp/titles/0262232197.html}
}

@article{cembalo2014,
  title={Drinking cheaply: the demand for basic wine in Italy},
  author={Cembalo, Luigi and Caracciolo, Francesco and Pomarici, Eugenio},
  journal={Australian Journal of Agricultural and Resource Economics},
  volume={58},
  number={3},
  pages={374--391},
  year={2014},
  publisher={Wiley Online Library}
}

@article{gergaud1998,
  title={Estimation d'une fonction de prix hédonistiques pour le vin de Champagne},
  author={Gergaud, Olivier},
  journal={économie and prévision},
  volume={136},
  number={5},
  pages={93--105},
  year={1998},
  publisher={Ministère de l'économie}
}

@article{bazen2018,
  title={Forecasting Bordeaux wine prices using state-space methods},
  author={Bazen, Stephen and Cardebat, Jean-Marie},
  journal={Applied Economics},
  volume={50},
  number={47},
  pages={5110--5121},
  year={2018},
  publisher={Taylor and Francis}
}

@article{steiner2004,
  title={French wines on the decline? Econometric evidence from Britain},
  author={Steiner, Bodo},
  journal={Journal of Agricultural Economics},
  volume={55},
  number={2},
  pages={267--288},
  year={2004},
  publisher={Wiley Online Library}
}

@article{daillens1962,
  title={La vigne et le vin en Suisse},
  author={Daillens, Françoise},
  journal={Revue Géographique de l'Est},
  volume={2},
  number={4},
  pages={345--374},
  year={1962},
  publisher={Presses Universitaires de Nancy}
}

@article{soler2002,
  title={Le fonctionnement des marchés entre vignoble et négoce dans le secteur des vins d’AOC: trois études régionales},
  author={Soler, Louis-Georges and Tanguy, Hervé},
  journal={Cahier du LORIA n},
  pages={03},
  year={2002}
}

@article{outreville2010,
  title={Les facteurs déterminant le prix du vin},
  author={Outreville, J François},
  journal={Enometrica},
  volume={3},
  number={1},
  pages={25--33},
  year={2010},
  publisher={EUM-Edizioni Università di Macerata}
}

@article{giraud2001,
  title={Les réponses de la recherche aux nouveaux enjeux de l’économie viti-vinicole},
  author={Giraud-Héraud, Eric and Surry, Yves},
  year={2001}
}

@article{christophe2008,
  title={Pesticide regulation: the case of French wine},
  author={Christophe, Deola and Pierre, Fleckinger},
  year={2008}
}

@article{costanigro2007,
  title={Segmenting the wine market based on price: hedonic regression when different prices mean different products},
  author={Costanigro, Marco and McCluskey, Jill J and Mittelhammer, Ron C},
  journal={Journal of agricultural Economics},
  volume={58},
  number={3},
  pages={454--466},
  year={2007},
  publisher={Wiley Online Library}
}

@article{benfratello2009,
  title={Taste or reputation: what drives market prices in the wine industry? Estimation of a hedonic model for Italian premium wines},
  author={Benfratello, Luigi and Piacenza, Massimiliano and Sacchetto, Stefano},
  journal={Applied Economics},
  volume={41},
  number={17},
  pages={2197--2209},
  year={2009},
  publisher={Taylor and Francis}
}

@article{garcia2016,
  title={The Impact of Demand and Supplier on Wine's Supply Chain Performance},
  author={Garcia-Alcaraz, Jorge Luis and Alvarado-Iniesta, Alejandro and Blanco-Fernàndez, Julio and Maldonado-Macias, Aide Aracely and Jiménez-Macias, Emilio and Saenz-Diez Muro, Juan Carlos},
  journal={Journal of food process engineering},
  volume={39},
  number={6},
  pages={645--658},
  year={2016},
  publisher={Wiley Online Library}
}

@article{anderson2018s,
  title={What's in the annual database of Global Wine Markets, 1835 to 2016?},
  author={Anderson, Kym and Pinilla, Vicente},
  year={2018},
  publisher={Sociedad Espanola de Historia Agraria}
}

@book{wooldridge2016introductory,
  title={Introductory econometrics: A modern approach},
  author={Wooldridge, Jeffrey M},
  year={2016},
  publisher={Nelson Education}
}

@article{makela2006,
    author = {MÄKELÄ, PIA and GMEL, GERHARD and GRITTNER, ULRIKE and KUENDIG, HERVÉ and KUNTSCHE, SANDRA and BLOOMFIELD, KIM and ROOM, ROBIN},
    title = "{DRINKING PATTERNS AND THEIR GENDER DIFFERENCES IN EUROPE}",
    journal = {Alcohol and Alcoholism},
    volume = {41},
    number = {suppl_1},
    pages = {i8-i18},
    year = {2006},
    month = {10},
    abstract = "{Aims: To compare drinking habits and to examine differences between drinking cultures in different regions and countries in Europe; to examine gender differences in drinking habits and to compare them over countries. Methods: Data consisted of independently conducted, centrally analysed surveys in the general population aged 20–64 years in 14 European countries. Central measures were abstention, frequency and volume of drinking overall and by beverage type, amounts drunk per drinking day, and heavy episodic drinking. Results: There were clear gender differences in all drinking measures, except for wine drinking. Differences between genders were often smaller than average in northern Europe. Gender ratios did not show systematic changes by age, with the exception that young men and women differed less than older men and women in the frequency of heavy episodic drinking. The results on beverage preferences indicate that the distinction among wine/beer/spirits cultures have implicitly been based on male drinking. Our expectation was for more daily light drinking integrated in everyday life in the Mediterranean countries, more heavy episodic drinking associated with weekends and celebrations in the North, with the traditional beer countries somewhere in between. The differences observed were usually in the direction expected. However, no country represented an ideal type of drinking culture, i.e. drinking for ‘mood-changing effects’ only or for ‘nutritional purposes’ only; all countries were mixtures of these two extremes. Conclusions: There were clear and consistent gender differences in all countries, while the differences in drinking between countries and regions were not as obvious.}",
    issn = {0735-0414},
    doi = {10.1093/alcalc/agl071},
    url = {https://doi.org/10.1093/alcalc/agl071},
    eprint = {http://oup.prod.sis.lan/alcalc/article-pdf/41/suppl\_1/i8/314760/agl071.pdf},
}

@book{anderson2011global,
  title={Global wine markets, 1961 to 2009: a statistical compendium},
  author={Anderson, Kym and Nelgen, Signe and others},
  year={2011},
  publisher={University of Adelaide Press}
}

@article{bouzdine2013, 
  year={2013},
  issn={1972-4802},
  journal={ECONOMIA AGRO-ALIMENTARE},
  number={3},
  volume={15},
  doi={10.3280/ECAG2013-003007},
  title={Les circuits de distribution des vins bio en France},
  abstract={Since 2006 the conversion of vineyards to organic or biodynamic vineyards has been accelerating in France, and the annual rate of conversion varies between 20- 25% per year, attaining the total surface of 61.055 ha of bio vineyards in 2011. This growth is even more striking in the light of the shrinking total surface of vineyards and the decreasing trend of wine consumption in France. In this challenging context, we attempt to analyze which of the classic wine distribution channels are conducive to French bio wine producers. The study is grounded in a series of interviews in several regions of France on a variety of distribution practices employed by natural wine producers. The research methodology employs content analysis and cognitive mapping technique. While the bio wine distribution system appears to be diversified and mobilizes all the classic channels, direct sales and export appear to be of particular relevance. Our findings confirm the impact of extra production costs (from 15 to 30%) on the choice of an appropriate channel. This extra production cost, explained mainly by higher labor costs and partly justified by the higher quality of wines, typically results in higher prices which the final consumer must pay. In this case direct sales could be seen the most remunerative as a producer’s margins are not squeezed in intermediate transactions. A closer relation between a producer and a consumer also adds value to the product: consumers perceive bio wine primarily as a wine, a cultural product which witnesses the diversity of terroirs. The presented analysis of bio wines distribution channels will allow practitioners to better adjust their distribution strategies.},
  url={http://www.francoangeli.it/Riviste/Scheda_rivista.aspx?idArticolo=49947},
  author={Tatiana Bouzdine-Chameeva and Coralie Rames-Briois and Philippe Barbe},
  pages={103-123},
  language={FR}
}

@techreport{laporte1996,
  TITLE = {{Production costs of AOC Burgundy wines}},
  AUTHOR = {Laporte, Catherine and PICHERY, Marie-Claude},
  URL = {https://hal.archives-ouvertes.fr/hal-01526958},
  TYPE = {Research Report},
  PAGES = {20 p., ref. bib. : 2 ref.},
  INSTITUTION = {{Laboratoire d'analyse et de techniques {\'e}conomiques(LATEC)}},
  YEAR = {1996},
  KEYWORDS = {Food microbiology ; Food technology ; Food science technology ; Sciences technologies alimentaires},
  PDF = {https://hal.archives-ouvertes.fr/hal-01526958/file/LATEC-DT_96-03.pdf},
  HAL_ID = {hal-01526958},
  HAL_VERSION = {v1},
}

@article{kremer2004,
  year={2004},
  title={Conflit et coop{\'e}ration au sein du canal: l’interaction strat{\'e}gique entre la grande distribution et les producteurs de la fili{\`e}re viti-vinicole},
  author={KREMER, Florence and VIOT, Catherine}
}

@article{mackay2018,
  title={Estimating Models of Supply and Demand: Instruments and Covariance Restrictions},
  author={MacKay, Alexander and Miller, Nathan H},
  year={2018}
}

@incollection{hausman1996valuation,
  title={Valuation of new goods under perfect and imperfect competition},
  author={Hausman, Jerry A},
  booktitle={The economics of new goods},
  pages={207--248},
  year={1996},
  publisher={University of Chicago Press}
}

@article{wooldridge2005instrumental,
  title={Instrumental variables estimation with panel data},
  author={Wooldridge, Jeffrey M},
  journal={Econometric Theory},
  volume={21},
  number={4},
  pages={865--869},
  year={2005},
  publisher={Cambridge University Press}
}

@article{Butault2011,
  title={L'utilisation des pesticides en France : état des lieux et perspectives de réduction},
  author={Butault Jean-Pierre, Delame Nathalie, Jacquet Florence and Zardet Guillaume},
  year={2011},
  journal={Note et études socio-économiques},
  number={35},
  pages={7--26}
}

@article{Pujol2017,
  title={Apports de produits phytosanitaires en viticulture et climat : une analyse â partir des enquêtes pratiques culturales},
  author={Pujol Jérome},
  year={2017},
  journal={Agreste Les Dossiers},
  number={39},
  pages={3--25}
}

@article{Moghaddam2019,
  title={Comment l'utilisation des pesticides n'a cessé d'évoluer ces 10 dernières années},
  author={Moghaddam Fiona and Van Mastrigt Roméo},
  year={2019},
  URL={'https://www.franceculture.fr/ecologie-et-environnement/comment-lutilisation-de-pesticides-na-cesse-devoluer-ces-dix-dernieres-annees'}
}

@article{CNIV2018,
  Title={Chiffres clés},
  author={Comité National des Interprofessions des Vins â appellation d'origine et â indication géographique},
  year={2018},
  URL={'https://www.intervin.fr/etudes-et-economie-de-la-filiere/chiffres-cles'}  
}

@article{FranceAgriMer2011,
  Title={Note de conjoncture},
  author={FranceAgriMer},
  year={2011},
  URL={'https://www.franceagrimer.fr/filieres-Vin-et-cidre/Vin/En-un-clic/Dossiers-des-Conseils-et-comites?moteur%5BfiltreFiliere%5D=1506&moteur%5BfiltreTypeContenu%5D=analyse&page=6'}
}

@article{Prudent2018,
  Title={Enquête Franceinfo. Additifs, pesticides... Le vin que vous buvez ne contient pas que du raisin : découvrez le résultat de nos analyse},
  author={Prudent Robin},
  year={2018},
  url={'https://www.francetvinfo.fr/economie/emploi/metiers/agriculture/enquete-franceinfo-additifs-pesticides-le-vin-que-vous-buvez-ne-contient-pas-que-du-raisin-decouvrez-le-resultat-de-nos-analyses_2957897.html'}
}

@sondage{Ifop2017,
  Title={Les français, la consommation écoresponsable et la transition écologique},
  author={Ifop},
  year={2017},
  url={'https://www.wwf.fr/sites/default/files/doc-2017-10/171010_sondage_wwf_ifop_agriculture%202.pdf'}
}