@article{rebelo2019,
  title={A hedonic price analysis for the Portuguese wine market: Does the distribution channel matter?},
  author={Rebelo, Joao and Lourenço-Gomes, Lina and Gonçalves, Tania and Caldas, José},
  journal={Journal of Applied Economics},
  volume={22},
  number={1},
  pages={40--59},
  year={2019},
  publisher={Taylor and Francis}
}

@article{labys1976,
  title={An international comparison of price and income elasticities for wine consumption},
  author={Labys, Walter C},
  journal={Australian Journal of Agricultural Economics},
  volume={20},
  number={429-2016-28753},
  pages={33--36},
  year={1976}
}

@article{davis2008,
  title={Demand under product differentiation: an empirical analysis of the US wine market},
  author={Davis, Timothy R and Ahmadi-Esfahani, Fredoun Z and Iranzo, Susana},
  journal={Australian Journal of Agricultural and Resource Economics},
  volume={52},
  number={4},
  pages={401--417},
  year={2008},
  publisher={Wiley Online Library}
}

@Book{wooldridgepanel,
  author={Jeffrey M. Wooldridge},
  title={{Econometric Analysis of Cross Section and Panel Data}},
  publisher={The MIT Press},
  year=2001,
  month={},
  volume={1},
  number={0262232197},
  series={MIT Press Books},
  edition={},
  keywords={},
  doi={},
  isbn={ARRAY(0x1af25ba0)},
  abstract={This graduate text provides an intuitive but rigorous treatment of contemporary methods used in microeconometric research. The book makes clear that applied microeconometrics is about the estimation of marginal and treatment effects, and that parametric estimation is simply a means to this end. It also clarifies the distinction between causality and statistical association. The book focuses specifically on cross section and panel data methods. Population assumptions are stated separately from sampling assumptions, leading to simple statements as well as to important insights. The unified approach to linear and nonlinear models and to cross section and panel data enables straightforward coverage of more advanced methods. The numerous end-of-chapter problems are an important component of the book. Some problems contain important points not fully described in the text, and others cover new ideas that can be analyzed using tools presented in the current and previous chapters. Several problems require the use of the data sets located at the author's website.},
  url={https://ideas.repec.org/b/mtp/titles/0262232197.html}
}

@article{cembalo2014,
  title={Drinking cheaply: the demand for basic wine in Italy},
  author={Cembalo, Luigi and Caracciolo, Francesco and Pomarici, Eugenio},
  journal={Australian Journal of Agricultural and Resource Economics},
  volume={58},
  number={3},
  pages={374--391},
  year={2014},
  publisher={Wiley Online Library}
}

@article{gergaud1998,
  title={Estimation d'une fonction de prix hédonistiques pour le vin de Champagne},
  author={Gergaud, Olivier},
  journal={économie and prévision},
  volume={136},
  number={5},
  pages={93--105},
  year={1998},
  publisher={Ministère de l'économie}
}

@article{bazen2018,
  title={Forecasting Bordeaux wine prices using state-space methods},
  author={Bazen, Stephen and Cardebat, Jean-Marie},
  journal={Applied Economics},
  volume={50},
  number={47},
  pages={5110--5121},
  year={2018},
  publisher={Taylor and Francis}
}

@article{steiner2004,
  title={French wines on the decline? Econometric evidence from Britain},
  author={Steiner, Bodo},
  journal={Journal of Agricultural Economics},
  volume={55},
  number={2},
  pages={267--288},
  year={2004},
  publisher={Wiley Online Library}
}

@article{daillens1962,
  title={La vigne et le vin en Suisse},
  author={Daillens, Françoise},
  journal={Revue Géographique de l'Est},
  volume={2},
  number={4},
  pages={345--374},
  year={1962},
  publisher={Presses Universitaires de Nancy}
}

@article{soler2002,
  title={Le fonctionnement des marchés entre vignoble et négoce dans le secteur des vins d’AOC: trois études régionales},
  author={Soler, Louis-Georges and Tanguy, Hervé},
  journal={Cahier du LORIA n},
  pages={03},
  year={2002}
}

@article{outreville2010,
  title={Les facteurs déterminant le prix du vin},
  author={Outreville, J François},
  journal={Enometrica},
  volume={3},
  number={1},
  pages={25--33},
  year={2010},
  publisher={EUM-Edizioni Università di Macerata}
}

@article{giraud2001,
  title={Les réponses de la recherche aux nouveaux enjeux de l’économie viti-vinicole},
  author={Giraud-Héraud, Eric and Surry, Yves},
  year={2001}
}

@article{christophe2008,
  title={Pesticide regulation: the case of French wine},
  author={Christophe, Deola and Pierre, Fleckinger},
  year={2008}
}

@article{costanigro2007,
  title={Segmenting the wine market based on price: hedonic regression when different prices mean different products},
  author={Costanigro, Marco and McCluskey, Jill J and Mittelhammer, Ron C},
  journal={Journal of agricultural Economics},
  volume={58},
  number={3},
  pages={454--466},
  year={2007},
  publisher={Wiley Online Library}
}

@article{benfratello2009,
  title={Taste or reputation: what drives market prices in the wine industry? Estimation of a hedonic model for Italian premium wines},
  author={Benfratello, Luigi and Piacenza, Massimiliano and Sacchetto, Stefano},
  journal={Applied Economics},
  volume={41},
  number={17},
  pages={2197--2209},
  year={2009},
  publisher={Taylor and Francis}
}

@article{garcia2016,
  title={The Impact of Demand and Supplier on Wine's Supply Chain Performance},
  author={Garcia-Alcaraz, Jorge Luis and Alvarado-Iniesta, Alejandro and Blanco-Fernàndez, Julio and Maldonado-Macias, Aide Aracely and Jiménez-Macias, Emilio and Saenz-Diez Muro, Juan Carlos},
  journal={Journal of food process engineering},
  volume={39},
  number={6},
  pages={645--658},
  year={2016},
  publisher={Wiley Online Library}
}

@article{anderson2018s,
  title={What's in the annual database of Global Wine Markets, 1835 to 2016?},
  author={Anderson, Kym and Pinilla, Vicente},
  year={2018},
  publisher={Sociedad Espanola de Historia Agraria}
}

@book{wooldridge2016introductory,
  title={Introductory econometrics: A modern approach},
  author={Wooldridge, Jeffrey M},
  year={2016},
  publisher={Nelson Education}
}
