@article{rebelo2019,
  title={A hedonic price analysis for the Portuguese wine market: Does the distribution channel matter?},
  author={Rebelo, Jo{\~a}o and Louren{\c{c}}o-Gomes, Lina and Gon{\c{c}}alves, T{\^a}nia and Caldas, Jos{\'e}},
  journal={Journal of Applied Economics},
  volume={22},
  number={1},
  pages={40--59},
  year={2019},
  publisher={Taylor \& Francis}
}

@article{labys1976,
  title={An international comparison of price and income elasticities for wine consumption},
  author={Labys, Walter C},
  journal={Australian Journal of Agricultural Economics},
  volume={20},
  number={429-2016-28753},
  pages={33--36},
  year={1976}
}

@article{davis2008,
  title={Demand under product differentiation: an empirical analysis of the US wine market},
  author={Davis, Timothy R and Ahmadi-Esfahani, Fredoun Z and Iranzo, Susana},
  journal={Australian Journal of Agricultural and Resource Economics},
  volume={52},
  number={4},
  pages={401--417},
  year={2008},
  publisher={Wiley Online Library}
}

@Book{wooldridge_panel,
  author={Jeffrey M. Wooldridge},
  title={{Econometric Analysis of Cross Section and Panel Data}},
  publisher={The MIT Press},
  year=2001,
  month={},
  volume={1},
  number={0262232197},
  series={MIT Press Books},
  edition={},
  keywords={},
  doi={},
  isbn={ARRAY(0x1af25ba0)},
  abstract={This graduate text provides an intuitive but rigorous treatment of contemporary methods used in microeconometric research. The book makes clear that applied microeconometrics is about the estimation of marginal and treatment effects, and that parametric estimation is simply a means to this end. It also clarifies the distinction between causality and statistical association. The book focuses specifically on cross section and panel data methods. Population assumptions are stated separately from sampling assumptions, leading to simple statements as well as to important insights. The unified approach to linear and nonlinear models and to cross section and panel data enables straightforward coverage of more advanced methods. The numerous end-of-chapter problems are an important component of the book. Some problems contain important points not fully described in the text, and others cover new ideas that can be analyzed using tools presented in the current and previous chapters. Several problems require the use of the data sets located at the author's website.},
  url={https://ideas.repec.org/b/mtp/titles/0262232197.html}
}

@article{cembalo2014,
  title={Drinking cheaply: the demand for basic wine in Italy},
  author={Cembalo, Luigi and Caracciolo, Francesco and Pomarici, Eugenio},
  journal={Australian Journal of Agricultural and Resource Economics},
  volume={58},
  number={3},
  pages={374--391},
  year={2014},
  publisher={Wiley Online Library}
}

@article{gergaud1998,
  title={Estimation d'une fonction de prix h{\'e}donistiques pour le vin de Champagne},
  author={Gergaud, Olivier},
  journal={{\'E}conomie \& pr{\'e}vision},
  volume={136},
  number={5},
  pages={93--105},
  year={1998},
  publisher={Minist{\`e}re de l'{\'E}conomie}
}

@article{bazen2018,
  title={Forecasting Bordeaux wine prices using state-space methods},
  author={Bazen, Stephen and Cardebat, Jean-Marie},
  journal={Applied Economics},
  volume={50},
  number={47},
  pages={5110--5121},
  year={2018},
  publisher={Taylor \& Francis}
}

@article{steiner2004,
  title={French wines on the decline? Econometric evidence from Britain},
  author={Steiner, Bodo},
  journal={Journal of Agricultural Economics},
  volume={55},
  number={2},
  pages={267--288},
  year={2004},
  publisher={Wiley Online Library}
}

@article{daillens1962,
  title={La vigne et le vin en Suisse},
  author={Daillens, Fran{\c{c}}oise},
  journal={Revue G{\'e}ographique de l'Est},
  volume={2},
  number={4},
  pages={345--374},
  year={1962},
  publisher={Presses Universitaires de Nancy}
}

@article{soler2002,
  title={Le fonctionnement des march{\'e}s entre vignoble et n{\'e}goce dans le secteur des vins d’AOC: trois {\'e}tudes r{\'e}gionales},
  author={Soler, Louis-Georges and Tanguy, Herv{\'e}},
  journal={Cahier du LORIA n},
  pages={03},
  year={2002}
}

@article{outreville2010,
  title={Les facteurs d{\'e}terminant le prix du vin},
  author={Outreville, J Fran{\c{c}}ois},
  journal={Enometrica},
  volume={3},
  number={1},
  pages={25--33},
  year={2010},
  publisher={EUM-Edizioni Universit{\`a} di Macerata}
}

@article{giraud2001,
  title={Les r{\'e}ponses de la recherche aux nouveaux enjeux de l’{\'e}conomie viti-vinicole},
  author={Giraud-H{\'e}raud, {\'E}ric and Surry, Yves},
  year={2001}
}

@article{christophe2008,
  title={Pesticide regulation: the case of French wine},
  author={CHRISTOPHE, DEOLA and PIERRE, FLECKINGER},
  year={2008}
}

@article{costanigro2007,
  title={Segmenting the wine market based on price: hedonic regression when different prices mean different products},
  author={Costanigro, Marco and McCluskey, Jill J and Mittelhammer, Ron C},
  journal={Journal of agricultural Economics},
  volume={58},
  number={3},
  pages={454--466},
  year={2007},
  publisher={Wiley Online Library}
}

@article{benfratello2009,
  title={Taste or reputation: what drives market prices in the wine industry? Estimation of a hedonic model for Italian premium wines},
  author={Benfratello, Luigi and Piacenza, Massimiliano and Sacchetto, Stefano},
  journal={Applied Economics},
  volume={41},
  number={17},
  pages={2197--2209},
  year={2009},
  publisher={Taylor \& Francis}
}

@article{garcia2016,
  title={The Impact of Demand and Supplier on Wine's Supply Chain Performance},
  author={Garc{\'\i}a-Alcaraz, Jorge Luis and Alvarado-Iniesta, Alejandro and Blanco-Fern{\'a}ndez, Julio and Maldonado-Mac{\'\i}as, Aide Aracely and Jim{\'e}nez-Mac{\'\i}as, Emilio and Saenz-D{\'\i}ez Muro, Juan Carlos},
  journal={Journal of food process engineering},
  volume={39},
  number={6},
  pages={645--658},
  year={2016},
  publisher={Wiley Online Library}
}

@article{anderson2018s,
  title={What’s in the annual database of Global Wine Markets, 1835 to 2016?},
  author={Anderson, Kym and Pinilla, Vicente},
  year={2018},
  publisher={Sociedad Espa{\~n}ola de Historia Agraria}
}

@book{wooldridge2016introductory,
  title={Introductory econometrics: A modern approach},
  author={Wooldridge, Jeffrey M},
  year={2016},
  publisher={Nelson Education}
}
